<?xml version="1.0" encoding="UTF-8"?><collection xmlns="http://www.loc.gov/MARC21/slim"><record><leader>00406nam--2200133-i-4500</leader><controlfield tag="001">000023974</controlfield><controlfield tag="002">20161230</controlfield><controlfield tag="005">20161230201035</controlfield><controlfield tag="008">060222s1000------------r-----000-0-eng-d</controlfield><datafield ind1=" " ind2=" " tag="100"><subfield code="a">Groot, S.R.De, Leeuwen, W.A. Van</subfield></datafield><datafield ind1=" " ind2=" " tag="245"><subfield code="a">Weert, gh. g.van</subfield></datafield><datafield ind1=" " ind2=" " tag="260"><subfield code="a">Relativistic Kinetic Theory. Principles And Applications</subfield></datafield><datafield ind1=" " ind2=" " tag="490"><subfield code="a">Amsterdam, North Holland Publishing Company, 1980. Xvii + 417p</subfield></datafield><datafield ind1=" " ind2=" " tag="852"><subfield code="a">530.12</subfield></datafield></record></collection>